<?xml version="1.0" encoding="UTF-8"?>
<!DOCTYPE marc [
<!ELEMENT collection (record*)>
<!ATTLIST collection xmlns CDATA "">
<!ELEMENT record (leader,controlfield+,datafield+)>
<!ELEMENT leader (#PCDATA)>
<!ELEMENT controlfield (#PCDATA)>
<!ATTLIST controlfield tag CDATA "">
<!ELEMENT datafield (subfield+)>
<!ATTLIST datafield tag CDATA "" ind1 CDATA "" ind2 CDATA "">
<!ELEMENT subfield (#PCDATA)>
<!ATTLIST subfield code CDATA ""> ]>
<collection>
<record>
  <!-- failure reason: duplicate filenames in FFT -->
  <controlfield tag="001">1286521</controlfield>
  <controlfield tag="005">20170726171437.0</controlfield>
  <datafield tag="191" ind1=" " ind2=" ">
    <subfield code="a">E/ESCWA/HS/1993/3</subfield>
  </datafield>
  <datafield tag="245" ind1=" " ind2=" ">
    <subfield code="a">الاسكان والخدمات الاساسية في المناطق الحضرية السريعة التغير اسكان الازمات</subfield>
  </datafield>
  <datafield tag="269" ind1=" " ind2=" ">
    <subfield code="a">19931103</subfield>
  </datafield>
  <datafield tag="650" ind1=" " ind2=" ">
    <subfield code="a">URBAN HOUSING</subfield>
    <subfield code="0">(DHLAUTH)273582</subfield>
  </datafield>
  <datafield tag="650" ind1=" " ind2=" ">
    <subfield code="a">POPULATION GROWTH</subfield>
    <subfield code="0">(DHLAUTH)272944</subfield>
  </datafield>
  <datafield tag="650" ind1=" " ind2=" ">
    <subfield code="a">CITIES</subfield>
    <subfield code="0">(DHLAUTH)273527</subfield>
  </datafield>
  <datafield tag="650" ind1=" " ind2=" ">
    <subfield code="a">SOCIAL CONDITIONS</subfield>
    <subfield code="0">(DHLAUTH)268327</subfield>
  </datafield>
  <datafield tag="650" ind1=" " ind2=" ">
    <subfield code="a">ECONOMIC CONDITIONS</subfield>
    <subfield code="0">(DHLAUTH)269719</subfield>
  </datafield>
  <datafield tag="650" ind1=" " ind2=" ">
    <subfield code="a">CONFERENCES</subfield>
    <subfield code="0">(DHLAUTH)275758</subfield>
  </datafield>
  <datafield tag="650" ind1=" " ind2=" ">
    <subfield code="a">WESTERN ASIA</subfield>
    <subfield code="0">(DHLAUTH)275490</subfield>
  </datafield>
  <datafield tag="650" ind1=" " ind2=" ">
    <subfield code="a">AMMAN (JORDAN)</subfield>
    <subfield code="0">(DHLAUTH)276766</subfield>
  </datafield>
  <datafield tag="650" ind1=" " ind2=" ">
    <subfield code="a">SYRIAN ARAB REPUBLIC</subfield>
    <subfield code="0">(DHLAUTH)273496</subfield>
  </datafield>
  <datafield tag="650" ind1=" " ind2=" ">
    <subfield code="a">SANA'A (YEMEN)</subfield>
    <subfield code="0">(DHLAUTH)584060</subfield>
  </datafield>
  <datafield tag="650" ind1=" " ind2=" ">
    <subfield code="a">CAIRO (EGYPT)</subfield>
    <subfield code="0">(DHLAUTH)276878</subfield>
  </datafield>
  <datafield tag="650" ind1=" " ind2=" ">
    <subfield code="a">ARAB COUNTRIES</subfield>
    <subfield code="0">(DHLAUTH)268705</subfield>
  </datafield>
  <datafield tag="FFT" ind1=" " ind2=" ">
    <subfield code="a">http://undhl-dgacm.s3.amazonaws.com/Drop%2FESCWA_special%2Ftemp_id_2382%2FE_ESCWA_HS_1993_3-AR.pdf</subfield>
    <subfield code="d">العربية</subfield>
    <subfield code="n">E_ESCWA_HS_1993_3-AR.pdf</subfield>
  </datafield>
  <datafield tag="FFT" ind1=" " ind2=" ">
    <subfield code="a">http://undhl-dgacm.s3.amazonaws.com/Drop%2FESCWA_special%2Ftemp_id_2383%2FE_ESCWA_HS_1993_3-AR.pdf</subfield>
    <subfield code="d">العربية</subfield>
    <subfield code="n">E_ESCWA_HS_1993_3-AR.pdf</subfield>
  </datafield>
</record>