
<record>
  <!-- failure reason: duplicate filenames in FFT -->
  <controlfield tag="001">1286662</controlfield>
  <controlfield tag="005">20170726171933.0</controlfield>
  <datafield tag="191" ind1=" " ind2=" ">
    <subfield code="a">E/ESCWA/ID/88/5</subfield>
  </datafield>
  <datafield tag="245" ind1=" " ind2=" ">
    <subfield code="a">تقرير عن المهمة الاستشارية لدعم الصناعات القائمة في جمهورية مصر العربية خلال الفترة من 9-15 تموز/يوليو 1988</subfield>
  </datafield>
  <datafield tag="269" ind1=" " ind2=" ">
    <subfield code="a">19880726</subfield>
  </datafield>
  <datafield tag="FFT" ind1=" " ind2=" ">
    <subfield code="a">http://undhl-dgacm.s3.amazonaws.com/Drop%2FESCWA_special%2Ftemp_id_2890%2FE_ESCWA_ID_88_5-AR.pdf</subfield>
    <subfield code="d">العربية</subfield>
    <subfield code="n">E_ESCWA_ID_88_5-AR.pdf</subfield>
  </datafield>
  <datafield tag="FFT" ind1=" " ind2=" ">
    <subfield code="a">http://undhl-dgacm.s3.amazonaws.com/Drop%2FESCWA_special%2Ftemp_id_2891%2FE_ESCWA_ID_88_5-AR.pdf</subfield>
    <subfield code="d">العربية</subfield>
    <subfield code="n">E_ESCWA_ID_88_5-AR.pdf</subfield>
  </datafield>
  <datafield tag="FFT" ind1=" " ind2=" ">
    <subfield code="a">http://undhl-dgacm.s3.amazonaws.com/Drop%2FESCWA_special%2Ftemp_id_2891%2FE_ESCWA_ID_88_5-EN.pdf</subfield>
    <subfield code="d">English</subfield>
    <subfield code="n">E_ESCWA_ID_88_5-EN.pdf</subfield>
  </datafield>
</record>