
<record>
  <!-- failure reason: duplicate filenames in FFT -->
  <controlfield tag="001">1287102</controlfield>
  <controlfield tag="005">20170726173617.0</controlfield>
  <datafield tag="191" ind1=" " ind2=" ">
    <subfield code="a">E/ESCWA/SD/2002/5</subfield>
  </datafield>
  <datafield tag="245" ind1=" " ind2=" ">
    <subfield code="a">MODELES DE POLITIQUES SOCIALE: LES ENSEIGNEMENTS DE L'EXPERIENCE TUNISIENNE</subfield>
  </datafield>
  <datafield tag="246" ind1=" " ind2=" ">
    <subfield code="a">نماذج السياسات الاجتماعية : التجربة التونسية ودلالاتها </subfield>
  </datafield>
  <datafield tag="269" ind1=" " ind2=" ">
    <subfield code="a">20020410</subfield>
  </datafield>
  <datafield tag="650" ind1=" " ind2=" ">
    <subfield code="a">SOCIAL POLICY</subfield>
    <subfield code="0">(DHLAUTH)269713</subfield>
  </datafield>
  <datafield tag="650" ind1=" " ind2=" ">
    <subfield code="a">HEALTH</subfield>
    <subfield code="0">(DHLAUTH)273713</subfield>
  </datafield>
  <datafield tag="650" ind1=" " ind2=" ">
    <subfield code="a">EDUCATION</subfield>
    <subfield code="0">(DHLAUTH)268926</subfield>
  </datafield>
  <datafield tag="650" ind1=" " ind2=" ">
    <subfield code="a">STRUCTURAL ADJUSTMENT</subfield>
    <subfield code="0">(DHLAUTH)269790</subfield>
  </datafield>
  <datafield tag="650" ind1=" " ind2=" ">
    <subfield code="a">GLOBALIZATION</subfield>
    <subfield code="0">(DHLAUTH)276685</subfield>
  </datafield>
  <datafield tag="650" ind1=" " ind2=" ">
    <subfield code="a">POPULATION POLICY</subfield>
    <subfield code="0">(DHLAUTH)269905</subfield>
  </datafield>
  <datafield tag="650" ind1=" " ind2=" ">
    <subfield code="a">WOMEN</subfield>
    <subfield code="0">(DHLAUTH)273032</subfield>
  </datafield>
  <datafield tag="650" ind1=" " ind2=" ">
    <subfield code="a">EMPLOYMENT</subfield>
    <subfield code="0">(DHLAUTH)269797</subfield>
  </datafield>
  <datafield tag="650" ind1=" " ind2=" ">
    <subfield code="a">POVERTY MITIGATION</subfield>
    <subfield code="0">(DHLAUTH)274700</subfield>
  </datafield>
  <datafield tag="650" ind1=" " ind2=" ">
    <subfield code="a">TUNISIA</subfield>
    <subfield code="0">(DHLAUTH)273507</subfield>
  </datafield>
  <datafield tag="650" ind1=" " ind2=" ">
    <subfield code="a">WESTERN ASIA</subfield>
    <subfield code="0">(DHLAUTH)275490</subfield>
  </datafield>
  <datafield tag="FFT" ind1=" " ind2=" ">
    <subfield code="a">http://undhl-dgacm.s3.amazonaws.com/Drop%2FESCWA_special%2Ftemp_id_4669%2FE_ESCWA_SD_2002_5-AR.pdf</subfield>
    <subfield code="d">العربية</subfield>
    <subfield code="n">E_ESCWA_SD_2002_5-AR.pdf</subfield>
  </datafield>
  <datafield tag="FFT" ind1=" " ind2=" ">
    <subfield code="a">http://undhl-dgacm.s3.amazonaws.com/Drop%2FESCWA_special%2Ftemp_id_4669%2FE_ESCWA_SD_2002_5-FR.pdf</subfield>
    <subfield code="d">Français</subfield>
    <subfield code="n">E_ESCWA_SD_2002_5-FR.pdf</subfield>
  </datafield>
  <datafield tag="FFT" ind1=" " ind2=" ">
    <subfield code="a">http://undhl-dgacm.s3.amazonaws.com/Drop%2FESCWA_special%2Ftemp_id_4670%2FE_ESCWA_SD_2002_5-FR.pdf</subfield>
    <subfield code="d">Français</subfield>
    <subfield code="n">E_ESCWA_SD_2002_5-FR.pdf</subfield>
  </datafield>
</record>