
<record>
  <!-- failure reason: duplicate filenames in FFT -->
  <controlfield tag="001">1287233</controlfield>
  <controlfield tag="005">20170726173940.0</controlfield>
  <datafield tag="191" ind1=" " ind2=" ">
    <subfield code="a">E/ESCWA/STAT/1995/13</subfield>
  </datafield>
  <datafield tag="245" ind1=" " ind2=" ">
    <subfield code="a">تقرير عن المهمة الاستشارية الى قسم الاحصاء بكلية الاقتصاد والعلوم السياسية جامعة القاهرة الجيزة - جمهورية مصر العربية خلال الفترة من 5 - 11 تموز /يوليو 1995</subfield>
  </datafield>
  <datafield tag="269" ind1=" " ind2=" ">
    <subfield code="a">19950815</subfield>
  </datafield>
  <datafield tag="650" ind1=" " ind2=" ">
    <subfield code="a">ADVISORY SERVICES</subfield>
    <subfield code="0">(DHLAUTH)269860</subfield>
  </datafield>
  <datafield tag="650" ind1=" " ind2=" ">
    <subfield code="a">WESTERN ASIA</subfield>
    <subfield code="0">(DHLAUTH)275490</subfield>
  </datafield>
  <datafield tag="650" ind1=" " ind2=" ">
    <subfield code="a">STATISTICAL SERVICES</subfield>
    <subfield code="0">(DHLAUTH)270225</subfield>
  </datafield>
  <datafield tag="650" ind1=" " ind2=" ">
    <subfield code="a">TECHNICAL TRAINING</subfield>
    <subfield code="0">(DHLAUTH)271971</subfield>
  </datafield>
  <datafield tag="650" ind1=" " ind2=" ">
    <subfield code="a">STUDENTS</subfield>
    <subfield code="0">(DHLAUTH)274118</subfield>
  </datafield>
  <datafield tag="650" ind1=" " ind2=" ">
    <subfield code="a">PARTICIPANTS</subfield>
    <subfield code="0">(DHLAUTH)275785</subfield>
  </datafield>
  <datafield tag="650" ind1=" " ind2=" ">
    <subfield code="a">COMPUTERS</subfield>
    <subfield code="0">(DHLAUTH)271865</subfield>
  </datafield>
  <datafield tag="650" ind1=" " ind2=" ">
    <subfield code="a">GEOGRAPHIC INFORMATION SYSTEMS</subfield>
    <subfield code="0">(DHLAUTH)270489</subfield>
  </datafield>
  <datafield tag="650" ind1=" " ind2=" ">
    <subfield code="a">EGYPT</subfield>
    <subfield code="0">(DHLAUTH)273328</subfield>
  </datafield>
  <datafield tag="FFT" ind1=" " ind2=" ">
    <subfield code="a">http://undhl-dgacm.s3.amazonaws.com/Drop%2FESCWA_special%2Ftemp_id_4995%2FE_ESCWA_STAT_1995_13-AR.pdf</subfield>
    <subfield code="d">العربية</subfield>
    <subfield code="n">E_ESCWA_STAT_1995_13-AR.pdf</subfield>
  </datafield>
  <datafield tag="FFT" ind1=" " ind2=" ">
    <subfield code="a">http://undhl-dgacm.s3.amazonaws.com/Drop%2FESCWA_special%2Ftemp_id_4996%2FE_ESCWA_STAT_1995_13-AR.pdf</subfield>
    <subfield code="d">العربية</subfield>
    <subfield code="n">E_ESCWA_STAT_1995_13-AR.pdf</subfield>
  </datafield>
  <datafield tag="FFT" ind1=" " ind2=" ">
    <subfield code="a">http://undhl-dgacm.s3.amazonaws.com/Drop%2FESCWA_special%2Ftemp_id_4997%2FE_ESCWA_STAT_1995_13-AR.pdf</subfield>
    <subfield code="d">العربية</subfield>
    <subfield code="n">E_ESCWA_STAT_1995_13-AR.pdf</subfield>
  </datafield>
</record>
<record>
  <!-- failure reason: duplicate filenames in FFT -->
  <controlfield tag="001">1287235</controlfield>
  <controlfield tag="005">20170726173942.0</controlfield>
  <datafield tag="191" ind1=" " ind2=" ">
    <subfield code="a">E/ESCWA/STAT/1995/16</subfield>
  </datafield>
  <datafield tag="269" ind1=" " ind2=" ">
    <subfield code="a">19950201</subfield>
  </datafield>
  <datafield tag="FFT" ind1=" " ind2=" ">
    <subfield code="a">http://undhl-dgacm.s3.amazonaws.com/Drop%2FESCWA_special%2Ftemp_id_5000%2FE_ESCWA_STAT_1995_16-AR.pdf</subfield>
    <subfield code="d">العربية</subfield>
    <subfield code="n">E_ESCWA_STAT_1995_16-AR.pdf</subfield>
  </datafield>
  <datafield tag="FFT" ind1=" " ind2=" ">
    <subfield code="a">http://undhl-dgacm.s3.amazonaws.com/Drop%2FESCWA_special%2Ftemp_id_5001%2FE_ESCWA_STAT_1995_16-AR.pdf</subfield>
    <subfield code="d">العربية</subfield>
    <subfield code="n">E_ESCWA_STAT_1995_16-AR.pdf</subfield>
  </datafield>
  <datafield tag="FFT" ind1=" " ind2=" ">
    <subfield code="a">http://undhl-dgacm.s3.amazonaws.com/Drop%2FESCWA_special%2Ftemp_id_5002%2FE_ESCWA_STAT_1995_16-AR.pdf</subfield>
    <subfield code="d">العربية</subfield>
    <subfield code="n">E_ESCWA_STAT_1995_16-AR.pdf</subfield>
  </datafield>
</record>