
<record>
  <!-- failure reason: duplicate filenames in FFT -->
  <controlfield tag="001">1287237</controlfield>
  <controlfield tag="005">20170726173943.0</controlfield>
  <datafield tag="191" ind1=" " ind2=" ">
    <subfield code="a">E/ESCWA/STAT/1995/18</subfield>
  </datafield>
  <datafield tag="245" ind1=" " ind2=" ">
    <subfield code="a">تقرير عن المهمة الاستشارية الى الجهاز المركزي للاحصاء صنعاء الجمهورية العربية اليمنية خلال الفترة من 3 - 11 آب  /اغسطس 1995</subfield>
  </datafield>
  <datafield tag="269" ind1=" " ind2=" ">
    <subfield code="a">19951019</subfield>
  </datafield>
  <datafield tag="650" ind1=" " ind2=" ">
    <subfield code="a">WESTERN ASIA</subfield>
    <subfield code="0">(DHLAUTH)275490</subfield>
  </datafield>
  <datafield tag="650" ind1=" " ind2=" ">
    <subfield code="a">ADVISORY SERVICES</subfield>
    <subfield code="0">(DHLAUTH)269860</subfield>
  </datafield>
  <datafield tag="650" ind1=" " ind2=" ">
    <subfield code="a">INDEX NUMBERS</subfield>
    <subfield code="0">(DHLAUTH)269641</subfield>
  </datafield>
  <datafield tag="650" ind1=" " ind2=" ">
    <subfield code="a">FAMILY INCOME</subfield>
    <subfield code="0">(DHLAUTH)269804</subfield>
  </datafield>
  <datafield tag="650" ind1=" " ind2=" ">
    <subfield code="a">HOUSEHOLD EXPENDITURES</subfield>
    <subfield code="0">(DHLAUTH)269741</subfield>
  </datafield>
  <datafield tag="650" ind1=" " ind2=" ">
    <subfield code="a">BALANCE OF PAYMENTS</subfield>
    <subfield code="0">(DHLAUTH)270325</subfield>
  </datafield>
  <datafield tag="650" ind1=" " ind2=" ">
    <subfield code="a">NATIONAL ACCOUNTS</subfield>
    <subfield code="0">(DHLAUTH)269651</subfield>
  </datafield>
  <datafield tag="650" ind1=" " ind2=" ">
    <subfield code="a">CONFERENCES</subfield>
    <subfield code="0">(DHLAUTH)275758</subfield>
  </datafield>
  <datafield tag="FFT" ind1=" " ind2=" ">
    <subfield code="a">http://undhl-dgacm.s3.amazonaws.com/Drop%2FESCWA_special%2Ftemp_id_5006%2FE_ESCWA_STAT_1995_18-AR.pdf</subfield>
    <subfield code="d">العربية</subfield>
    <subfield code="n">E_ESCWA_STAT_1995_18-AR.pdf</subfield>
  </datafield>
  <datafield tag="FFT" ind1=" " ind2=" ">
    <subfield code="a">http://undhl-dgacm.s3.amazonaws.com/Drop%2FESCWA_special%2Ftemp_id_5007%2FE_ESCWA_STAT_1995_18-AR.pdf</subfield>
    <subfield code="d">العربية</subfield>
    <subfield code="n">E_ESCWA_STAT_1995_18-AR.pdf</subfield>
  </datafield>
  <datafield tag="FFT" ind1=" " ind2=" ">
    <subfield code="a">http://undhl-dgacm.s3.amazonaws.com/Drop%2FESCWA_special%2Ftemp_id_5008%2FE_ESCWA_STAT_1995_18-AR.pdf</subfield>
    <subfield code="d">العربية</subfield>
    <subfield code="n">E_ESCWA_STAT_1995_18-AR.pdf</subfield>
  </datafield>
</record>
</collection>